<collection xmlns="http://www.loc.gov/MARC21/slim"><record><leader>00895nam  2200289   450</leader><controlfield tag="001">379</controlfield><controlfield tag="003">http://montalegre.opacnet.com/OPAC/default.aspx?ContentAreaControl=ShowRegHoldings.ascx&amp;RegNo=16662</controlfield><datafield tag="010" ind1=" " ind2=" "><subfield code="a">972-662-153-4</subfield></datafield><datafield tag="021" ind1=" " ind2=" "><subfield code="a">PT</subfield><subfield code="b">34996/90</subfield></datafield><datafield tag="095" ind1=" " ind2=" "><subfield code="a">PTBN00254398</subfield></datafield><datafield tag="100" ind1=" " ind2=" "><subfield code="a">20070227d1990    m  y0pory010305  ba</subfield></datafield><datafield tag="101" ind1="1" ind2=" "><subfield code="a">por</subfield><subfield code="c">eng</subfield></datafield><datafield tag="102" ind1=" " ind2=" "><subfield code="a">PT</subfield></datafield><datafield tag="105" ind1=" " ind2=" "><subfield code="a">y   z   000ay</subfield></datafield><datafield tag="106" ind1=" " ind2=" "><subfield code="a">r</subfield></datafield><datafield tag="200" ind1="1" ind2=" "><subfield code="a">&lt;Um &gt;dia no Verão</subfield><subfield code="f">J. L. Carr</subfield><subfield code="g">trad. Fernanda Pinto Rodrigues</subfield><subfield code="g">rev. Manuel Joaquim Vieira</subfield></datafield><datafield tag="205" ind1=" " ind2=" "><subfield code="a">1ª ed</subfield></datafield><datafield tag="210" ind1=" " ind2=" "><subfield code="a">Lisboa</subfield><subfield code="c">Gradiva</subfield><subfield code="d">1990</subfield></datafield><datafield tag="215" ind1=" " ind2=" "><subfield code="a">209 p.</subfield><subfield code="d">24 cm</subfield></datafield><datafield tag="225" ind1="0" ind2=" "><subfield code="a">Gradiva</subfield><subfield code="v">18</subfield></datafield><datafield tag="304" ind1=" " ind2=" "><subfield code="a">Tít. orig. : A day in Summer</subfield></datafield><datafield tag="675" ind1=" " ind2=" "><subfield code="a">821</subfield><subfield code="v">BN</subfield><subfield code="z">por</subfield></datafield><datafield tag="700" ind1=" " ind2="1"><subfield code="a">Carr</subfield><subfield code="b">J. L.</subfield></datafield><datafield tag="702" ind1=" " ind2="1"><subfield code="a">Rodrigues</subfield><subfield code="b">Fernanda Pinto</subfield><subfield code="4">730</subfield></datafield><datafield tag="702" ind1=" " ind2="1"><subfield code="a">Vieira</subfield><subfield code="b">Manuel Joaquim</subfield><subfield code="4">640</subfield></datafield><datafield tag="801" ind1=" " ind2="0"><subfield code="a">PT</subfield><subfield code="b">Biblioteca Municipal de Montalegre</subfield><subfield code="g">RPC</subfield></datafield><datafield tag="856" ind1=" " ind2=" "><subfield code="u">locateMedia.asp?cod=20070227144051&amp;ext=jpg</subfield><subfield code="z">CAPA</subfield></datafield><datafield tag="909" ind1="&#9;" ind2=" "><subfield code="a">1</subfield></datafield><datafield tag="966" ind1=" " ind2=" "><subfield code="a">0008734</subfield><subfield code="l">BMM</subfield><subfield code="s">SCG 821 CAR dia 18</subfield></datafield></record></collection>